<?xml version="1.0" encoding="UTF-8"?><record xmlns="http://www.loc.gov/MARC21/slim" xmlns:cinclude="http://apache.org/cocoon/include/1.0" xmlns:zs="http://www.loc.gov/zing/srw/">
  <leader>00685cz  a2200157n  4500</leader>
  <controlfield tag="001">no 96059329 </controlfield>
  <controlfield tag="003">DLC</controlfield>
  <controlfield tag="005">20120807085232.0</controlfield>
  <controlfield tag="008">961112n| acannaab           |a ana     c</controlfield>
  <datafield tag="010" ind1=" " ind2=" ">
    <subfield code="a">no 96059329 </subfield>
  </datafield>
  <datafield tag="035" ind1=" " ind2=" ">
    <subfield code="a">(OCoLC)oca04205530</subfield>
  </datafield>
  <datafield tag="040" ind1=" " ind2=" ">
    <subfield code="a">InNd</subfield>
    <subfield code="b">eng</subfield>
    <subfield code="c">InNd</subfield>
    <subfield code="d">DLC</subfield>
  </datafield>
  <datafield tag="111" ind1="2" ind2=" ">
    <subfield code="a">Encontro das Ciências Sociais</subfield>
  </datafield>
  <datafield tag="411" ind1="2" ind2=" ">
    <subfield code="a">Encontro das Ciências Sociais da Universidade Federal de Pernambuco</subfield>
  </datafield>
  <datafield tag="667" ind1=" " ind2=" ">
    <subfield code="a">THIS 1XX FIELD CANNOT BE USED UNDER RDA UNTIL THIS RECORD HAS BEEN REVIEWED AND/OR UPDATED</subfield>
  </datafield>
  <datafield tag="670" ind1=" " ind2=" ">
    <subfield code="a">Anais, 1994:</subfield>
    <subfield code="b">t.p. (II Encontro das Ciências Sociais, held Nov. 7-11, 1994) p. 7 (II Encontro das Ciências Sociais da Universidade Federal de Pernambuco, held in Recife, PE)</subfield>
  </datafield>
</record>